@article{,
	author = {},
	title = {},
	journal = {},
	year = {},
	volume = {},
	pages = {x--x},
	doi = {http://dx.doi.org/},
	}
	
@article{Batson2002,
	author = {Batson, C. D. and Chang, J. and Orr, R. and Rowland, J.},
	title = {Empathy, attitudes, and action: Can feeling for a member of a stigmatized group motivate one to help the group?},
	journal = {Personality and Social Psychology Bulletin},
	year = {2002},
	volume = {28},
	pages = {1656--1666},
	doi = {http://dx.doi.org/10.1177/014616702237647},
	}

@article{Batson2007,
	author = {Batson, C. D. and Eklun, J. H. and Chermok, V. L. and Hoyt, J. L. and Ortiz, B. G.},
	title = {An additional antecedent of empathic concern: Valuing the welfare of the person in need},
	journal = {Journal of Personality and Social Psychology},
	year = {2007},
	volume = {93},
	pages = {65--74},
	doi = {http://dx.doi.org/10.1037/0022-3514.93.1.65},
	}	
	
@article{Davis1980,
	author = {Davis, M. H.},
	title = {A multidimensional approach to individual differences in empathy},
	journal = {JSAS Catalog of Selected Documents in Psychology},
	year = {1980},
	volume = {10},
	pages = {85},
	doi = {http://dx.doi.org/},
	}

@article{Davis1983,
	author = {Davis, M. H.},
	title = {Measuring individual differences in empathy: Evidence for a multidimensional approach},
	journal = {Journal of Personality and Social Psychology},
	year = {1983},
	volume = {44},
	pages = {113--126},
	doi = {http://dx.doi.org/10.1037/0022-3514.44.1.113},
	}		